<?xml version="1.0" encoding="UTF-8"?>
<record xmlns="http://www.loc.gov/MARC21/slim"
        xmlns:oclcterms="http://purl.org/oclc/terms/"
        xmlns:dc="http://purl.org/dc/elements/1.1/"
        xmlns:diag="http://www.loc.gov/zing/srw/diagnostic/"
        xmlns:xsi="http://www.w3.org/2001/XMLSchema-instance">
   <leader>00000cam a2200000 a 4500</leader>
   <controlfield tag="001">34473922</controlfield>
   <controlfield tag="008">960314s1996 dcuab b f000 0 eng </controlfield>
   <datafield ind1=" " ind2=" " tag="010">
      <subfield code="a"> 96005837 </subfield>
   </datafield>
   <datafield ind1=" " ind2=" " tag="040">
      <subfield code="a">DLC</subfield>
      <subfield code="b">eng</subfield>
      <subfield code="c">DLC</subfield>
      <subfield code="d">AGL</subfield>
      <subfield code="d">GPO</subfield>
      <subfield code="d">AGL</subfield>
      <subfield code="d">OCLCQ</subfield>
      <subfield code="d">BTCTA</subfield>
      <subfield code="d">GPO</subfield>
      <subfield code="d">AZU</subfield>
      <subfield code="d">ZVM</subfield>
      <subfield code="d">GBVCP</subfield>
      <subfield code="d">OCLCO</subfield>
      <subfield code="d">OCLCF</subfield>
      <subfield code="d">OCLCQ</subfield>
      <subfield code="d">COF</subfield>
      <subfield code="d">TPA</subfield>
      <subfield code="d">CSF</subfield>
      <subfield code="d">VYT</subfield>
      <subfield code="d">OCLCA</subfield>
      <subfield code="d">AGM</subfield>
      <subfield code="d">QE2</subfield>
      <subfield code="d">UWO</subfield>
      <subfield code="d">GPO</subfield>
      <subfield code="d">OCLCQ</subfield>
   </datafield>
   <datafield ind1=" " ind2=" " tag="043">
      <subfield code="a">n-us---</subfield>
   </datafield>
   <datafield ind1="0" ind2="0" tag="050">
      <subfield code="a">TD427.N87</subfield>
      <subfield code="b">M84 1996</subfield>
   </datafield>
   <datafield ind1="1" ind2="4" tag="050">
      <subfield code="a">QE75</subfield>
      <subfield code="b">.C5 no.1136</subfield>
   </datafield>
   <datafield ind1="0" ind2=" " tag="070">
      <subfield code="a">TD427.N87M84</subfield>
      <subfield code="b">1996</subfield>
   </datafield>
   <datafield ind1=" " ind2="0" tag="072">
      <subfield code="a">P200</subfield>
   </datafield>
   <datafield ind1=" " ind2="0" tag="072">
      <subfield code="a">W000</subfield>
   </datafield>
   <datafield ind1=" " ind2=" " tag="074">
      <subfield code="a">0620-A</subfield>
   </datafield>
   <datafield ind1="0" ind2="0" tag="082">
      <subfield code="a">628.1/68</subfield>
      <subfield code="2">20</subfield>
   </datafield>
   <datafield ind1=" " ind2=" " tag="084">
      <subfield code="a">43.12</subfield>
      <subfield code="2">bcl</subfield>
   </datafield>
   <datafield ind1=" " ind2=" " tag="084">
      <subfield code="a">43.50</subfield>
      <subfield code="2">bcl</subfield>
   </datafield>
   <datafield ind1=" " ind2=" " tag="084">
      <subfield code="a">43.61</subfield>
      <subfield code="2">bcl</subfield>
   </datafield>
   <datafield ind1="0" ind2=" " tag="086">
      <subfield code="a">I 19.4/2:1136</subfield>
   </datafield>
   <datafield ind1="1" ind2=" " tag="100">
      <subfield code="a">Mueller, David K.</subfield>
   </datafield>
   <datafield ind1="1" ind2="0" tag="245">
      <subfield code="a">Nutrients in the nation's waters :</subfield>
      <subfield code="b">too much of a good thing? /</subfield>
      <subfield code="c">by David K. Mueller and Dennis R. Helsel ; edited by Mary A.
              Kidd.</subfield>
   </datafield>
   <datafield ind1=" " ind2=" " tag="260">
      <subfield code="a">[Washington, D.C.] :</subfield>
      <subfield code="b">U.S. G.P.O. ;</subfield>
      <subfield code="a">Denver, CO :</subfield>
      <subfield code="b">U.S. Geological Survey, Information Services
              [distributor],</subfield>
      <subfield code="c">1996.</subfield>
   </datafield>
   <datafield ind1=" " ind2=" " tag="300">
      <subfield code="a">24 pages :</subfield>
      <subfield code="b">illustrations (some color), color maps ;</subfield>
      <subfield code="c">28 cm.</subfield>
   </datafield>
   <datafield ind1=" " ind2=" " tag="336">
      <subfield code="a">text</subfield>
      <subfield code="b">txt</subfield>
      <subfield code="2">rdacontent</subfield>
   </datafield>
   <datafield ind1=" " ind2=" " tag="337">
      <subfield code="a">unmediated</subfield>
      <subfield code="b">n</subfield>
      <subfield code="2">rdamedia</subfield>
   </datafield>
   <datafield ind1=" " ind2=" " tag="338">
      <subfield code="a">volume</subfield>
      <subfield code="b">nc</subfield>
      <subfield code="2">rdacarrier</subfield>
   </datafield>
   <datafield ind1="1" ind2=" " tag="490">
      <subfield code="a">U.S. Geological Survey circular ;</subfield>
      <subfield code="v">1136</subfield>
   </datafield>
   <datafield ind1=" " ind2=" " tag="500">
      <subfield code="a">"U.S. Department of the Interior, U.S. Geological Survey"--Title page
              verso.</subfield>
   </datafield>
   <datafield ind1=" " ind2=" " tag="500">
      <subfield code="a">Shipping list no.: 97-0267-P.</subfield>
   </datafield>
   <datafield ind1=" " ind2=" " tag="530">
      <subfield code="a">Also available via Internet from the NAWQA web site. Address as of
              7/28/08: http://water.usgs.gov/nawqa/circ-1136/circ-1136main.html; current access
              available via PURL.</subfield>
   </datafield>
   <datafield ind1=" " ind2=" " tag="504">
      <subfield code="a">Includes bibliographical references (page 22).</subfield>
   </datafield>
   <datafield ind1=" " ind2=" " tag="520">
      <subfield code="a">Nutrients in water are necessary for productive aquatic ecosystems,
              but in high concentrations, nutrients such as nitrates, ammonia, and phosphates can
              adversely affect aquatic life and human health.</subfield>
   </datafield>
   <datafield ind1=" " ind2="0" tag="650">
      <subfield code="a">Nutrient pollution of water</subfield>
      <subfield code="z">United States.</subfield>
   </datafield>
   <datafield ind1=" " ind2="7" tag="650">
      <subfield code="a">Nutrient pollution of water.</subfield>
      <subfield code="2">fast</subfield>
      <subfield code="0">(OCoLC)fst01042183</subfield>
   </datafield>
   <datafield ind1=" " ind2="7" tag="651">
      <subfield code="a">United States.</subfield>
      <subfield code="2">fast</subfield>
      <subfield code="0">(OCoLC)fst01204155</subfield>
   </datafield>
   <datafield ind1=" " ind2="3" tag="650">
      <subfield code="a">Water pollution.</subfield>
   </datafield>
   <datafield ind1=" " ind2="3" tag="650">
      <subfield code="a">Water quality.</subfield>
   </datafield>
   <datafield ind1=" " ind2="3" tag="650">
      <subfield code="a">Nitrates.</subfield>
   </datafield>
   <datafield ind1=" " ind2="3" tag="650">
      <subfield code="a">Ammonia.</subfield>
   </datafield>
   <datafield ind1=" " ind2="3" tag="650">
      <subfield code="a">Phosphorus.</subfield>
   </datafield>
   <datafield ind1=" " ind2="3" tag="650">
      <subfield code="a">Nutrients.</subfield>
   </datafield>
   <datafield ind1=" " ind2="3" tag="650">
      <subfield code="a">Sewage.</subfield>
   </datafield>
   <datafield ind1=" " ind2="0" tag="653">
      <subfield code="a">Nutrient pollution of water</subfield>
      <subfield code="a">United States</subfield>
   </datafield>
   <datafield ind1="1" ind2=" " tag="700">
      <subfield code="a">Helsel, Dennis R.</subfield>
   </datafield>
   <datafield ind1="1" ind2=" " tag="700">
      <subfield code="a">Kidd, Mary A.</subfield>
   </datafield>
   <datafield ind1="2" ind2=" " tag="710">
      <subfield code="a">Geological Survey (U.S.)</subfield>
   </datafield>
   <datafield ind1="2" ind2=" " tag="710">
      <subfield code="a">National Water-Quality Assessment Program (U.S.)</subfield>
   </datafield>
   <datafield ind1="0" ind2="8" tag="776">
      <subfield code="i">Online version:</subfield>
      <subfield code="a">Mueller, David K.</subfield>
      <subfield code="t">Nutrients in the nation's waters</subfield>
      <subfield code="w">(OCoLC)1041735562</subfield>
   </datafield>
   <datafield ind1=" " ind2="0" tag="830">
      <subfield code="a">U.S. Geological Survey circular ;</subfield>
      <subfield code="v">1136.</subfield>
   </datafield>
   <datafield ind1="4" ind2="1" tag="856">
      <subfield code="u">https://purl.fdlp.gov/GPO/LPS98451</subfield>
   </datafield>
   <datafield ind1="4" ind2=" " tag="856">
      <subfield code="u">http://water.usgs.gov/nawqa/CIRC-1136.html</subfield>
      <subfield code="z">Click here to access</subfield>
   </datafield>
   <datafield ind1="7" ind2=" " tag="856">
      <subfield code="u">http://wwwrvares.er.usgs.gov/nawqa/CIRC-1136.html</subfield>
      <subfield code="2">http</subfield>
   </datafield>
   <datafield ind1="4" ind2="1" tag="856">
      <subfield code="z">Full text available for most volumes from USGS Publications
              Warehouse, 1933- :</subfield>
      <subfield code="u">http://pubs.er.usgs.gov/usgspubs/index.jsp?view=adv</subfield>
   </datafield>
   <datafield ind1="4" ind2=" " tag="856">
      <subfield code="z">Connect to Internet resource</subfield>
      <subfield code="u">https://www.lib.uwo.ca/cgi-bin/ezpauthn.cgi?url=http://water.usgs.gov/nawqa/CIRC-1136.html</subfield>
   </datafield>
   <datafield ind1=" " ind2=" " tag="938">
      <subfield code="a">Baker and Taylor</subfield>
      <subfield code="b">BTCP</subfield>
      <subfield code="n">96005837</subfield>
   </datafield>
   <datafield ind1="1" ind2=" " tag="029">
      <subfield code="a">AU@</subfield>
      <subfield code="b">000012240577</subfield>
   </datafield>
   <datafield ind1="1" ind2=" " tag="029">
      <subfield code="a">GBVCP</subfield>
      <subfield code="b">197694713</subfield>
   </datafield>
   <datafield ind1="1" ind2=" " tag="029">
      <subfield code="a">NLGGC</subfield>
      <subfield code="b">152193766</subfield>
   </datafield>
</record>
